%% This BibTeX bibliography file was created using BibDesk.
%% http://bibdesk.sourceforge.net/


%% Created for Junwei Lu at 2016-06-10 22:10:55 -0400 


%% Saved with string encoding Unicode (UTF-8) 



@article{yang2015dynamic,
	Author = {Yang, Yuan and Qiu, Yihong and Schouten, Alfred C},
	Journal = {Frontiers in human neuroscience},
	Number = {662},
	Publisher = {Frontiers Media SA},
	Title = {Dynamic Functional Brain Connectivity for Face Perception},
	Volume = {9},
	Year = {2015}}

@article{wille2004sparse,
	Author = {Wille, Anja and Zimmermann, Philip and Vranov{\'a}, Eva and F{\"u}rholz, Andreas and Laule, Oliver and Bleuler, Stefan and Hennig, Lars and Prelic, Amela and von Rohr, Peter and Thiele, Lothar and others},
	Date-Added = {2016-03-05 03:48:28 +0000},
	Date-Modified = {2016-03-05 03:48:28 +0000},
	Journal = {Genome Biol},
	Number = {11},
	Pages = {R92},
	Title = {Sparse graphical Gaussian modeling of the isoprenoid gene network in Arabidopsis thaliana},
	Volume = {5},
	Year = {2004}}

@inproceedings{xuan2007modeling,
	Author = {Xuan, Xiang and Murphy, Kevin},
	Booktitle = {Proceedings of the 24th International Conference on Machine Learning},
	Organization = {ACM},
	Pages = {1055--1062},
	Title = {Modeling changing dependency structure in multivariate time series},
	Year = {2007}}

@article{talih2005structural,
	Author = {Talih, Makram and Hengartner, Nicolas},
	Journal = {Journal of the Royal Statistical Society: Series B (Statistical Methodology)},
	Number = {3},
	Pages = {321--341},
	Publisher = {Wiley Online Library},
	Title = {Structural learning with time-varying components: tracking the cross-section of financial time series},
	Volume = {67},
	Year = {2005}}

@article{isserlis1918formula,
	Author = {Isserlis, Leon},
	Date-Added = {2016-03-01 23:10:57 +0000},
	Date-Modified = {2016-03-01 23:10:57 +0000},
	Journal = {Biometrika},
	Pages = {134--139},
	Publisher = {JSTOR},
	Title = {On a formula for the product-moment coefficient of any order of a normal frequency distribution in any number of variables},
	Volume = {12},
	Year = {1918}}

@article{grill2001lateral,
	Author = {Grill-Spector, Kalanit and Kourtzi, Zoe and Kanwisher, Nancy},
	Journal = {Vision research},
	Number = {10},
	Pages = {1409--1422},
	Publisher = {Elsevier},
	Title = {The lateral occipital complex and its role in object recognition},
	Volume = {41},
	Year = {2001}}

@article{hagmann2008mapping,
	Author = {Hagmann, Patric and Cammoun, Leila and Gigandet, Xavier and Meuli, Reto and Honey, Christopher J and Wedeen, Van J and Sporns, Olaf},
	Journal = {PLoS Biol},
	Number = {7},
	Pages = {e159},
	Publisher = {Public Library of Science},
	Title = {Mapping the structural core of human cerebral cortex},
	Volume = {6},
	Year = {2008}}

@article{ames2015contextual,
	Author = {Ames, Daniel L and Honey, Christopher J and Chow, Michael A and Todorov, Alexander and Hasson, Uri},
	Journal = {Journal of Cognitive Neuroscience},
	Number = {4},
	Pages = {655--664},
	Publisher = {MIT Press},
	Title = {Contextual alignment of cognitive and neural dynamics},
	Volume = {27},
	Year = {2015}}

@article{lerner2011topographic,
	Author = {Lerner, Yulia and Honey, Christopher J and Silbert, Lauren J and Hasson, Uri},
	Journal = {The Journal of Neuroscience},
	Number = {8},
	Pages = {2906--2915},
	Publisher = {Soc Neuroscience},
	Title = {Topographic mapping of a hierarchy of temporal receptive windows using a narrated story},
	Volume = {31},
	Year = {2011}}

@article{baldassano2015parcellating,
	Author = {Baldassano, Christopher and Beck, Diane M and Fei-Fei, Li},
	Journal = {PeerJ},
	Pages = {e784},
	Publisher = {PeerJ Inc.},
	Title = {Parcellating connectivity in spatial maps},
	Volume = {3},
	Year = {2015}}

@article{neykov2015unified,
	Author = {Neykov, Matey and Ning, Yang and Liu, Jun S and Liu, Han},
	Journal = {arXiv preprint arXiv:1510.08986},
	Title = {A Unified Theory of Confidence Regions and Testing for High Dimensional Estimating Equations},
	Year = {2015}}

@article{ren2015asymptotic,
	Author = {Ren, Zhao and Sun, Tingni and Zhang, Cun-Hui and Zhou, Harrison H},
	Journal = {The Annals of Statistics},
	Number = {3},
	Pages = {991--1026},
	Publisher = {Institute of Mathematical Statistics},
	Title = {Asymptotic normality and optimalities in estimation of large {Gaussian} graphical models},
	Volume = {43},
	Year = {2015}}

@article{shaw2008neurodevelopmental,
	Author = {Shaw, Philip and Kabani, Noor J and Lerch, Jason P and others},
	Journal = {The Journal of Neuroscience},
	Number = {14},
	Pages = {3586--3594},
	Publisher = {Soc Neuroscience},
	Title = {Neurodevelopmental trajectories of the human cerebral cortex},
	Volume = {28},
	Year = {2008}}

@article{van2012influence,
	Author = {Van Dijk, Koene RA and Sabuncu, Mert R and Buckner, Randy L},
	Journal = {Neuroimage},
	Number = {1},
	Pages = {431--438},
	Publisher = {Elsevier},
	Title = {The influence of head motion on intrinsic functional connectivity 'MRI'},
	Volume = {59},
	Year = {2012}}

@article{braun2012test,
	Author = {Braun, Urs and Plichta, Michael M and Esslinger, Christine and others},
	Journal = {Neuroimage},
	Number = {2},
	Pages = {1404--1412},
	Publisher = {Elsevier},
	Title = {Test--retest reliability of resting-state connectivity network characteristics using 'fMRI' and graph theoretical measures},
	Volume = {59},
	Year = {2012}}

@article{power2011functional,
	Author = {Power, Jonathan D and Cohen, Alexander L and Nelson, Steven M and others},
	Journal = {Neuron},
	Number = {4},
	Pages = {665--678},
	Publisher = {Elsevier},
	Title = {Functional network organization of the human brain},
	Volume = {72},
	Year = {2011}}

@article{qiu2013joint,
	Author = {Qiu, Huitong and Han, Fang and Liu, Han and Caffo, Brian},
	Journal = {Journal of the Royal Statistical Society. Series B (Methodological), in press},
	Title = {Joint estimation of multiple graphical models from high dimensional time series},
	Year = {2015}}

@article{biswal2010toward,
	Author = {Biswal, Bharat B and Mennes, Maarten and Zuo, Xi-Nian and others},
	Journal = {Proceedings of the National Academy of Sciences},
	Number = {10},
	Pages = {4734--4739},
	Publisher = {National Acad Sciences},
	Title = {Toward discovery science of human brain function},
	Volume = {107},
	Year = {2010}}

@article{candes2007dantzig,
	Author = {Candes, Emmanuel and Tao, Terence},
	Journal = {The Annals of Statistics},
	Pages = {2313--2351},
	Publisher = {JSTOR},
	Title = {The {Dantzig} selector: statistical estimation when p is much larger than n},
	Year = {2007}}

@article{van2014asymptotically,
	Author = {Van de Geer, Sara and B{\"u}hlmann, Peter and Ritov, Ya'acov and Dezeure, Ruben},
	Journal = {The Annals of Statistics},
	Number = {3},
	Pages = {1166--1202},
	Publisher = {Institute of Mathematical Statistics},
	Title = {On asymptotically optimal confidence regions and tests for high-dimensional models},
	Volume = {42},
	Year = {2014}}

@article{ning2014general,
	Author = {Ning, Yang and Liu, Han},
	Journal = {arXiv preprint arXiv:1412.8765},
	Title = {A General Theory of Hypothesis Tests and Confidence Regions for Sparse High Dimensional Models},
	Year = {2014}}

@article{ning2014sparc,
	Author = {Ning, Yang and Liu, Han},
	Journal = {arXiv preprint arXiv:1412.2295},
	Title = {{SPARC}: {Optimal} estimation and asymptotic inference under semiparametric sparsity},
	Year = {2014}}

@article{meinshausen2006high,
	Author = {Meinshausen, Nicolai and B{\"u}hlmann, Peter},
	Journal = {The Annals of Statistics},
	Number = {3},
	Pages = {1436--1462},
	Publisher = {JSTOR},
	Title = {High-dimensional graphs and variable selection with the lasso},
	Volume = {34},
	Year = {2006}}

@article{yuan2007model,
	Author = {Yuan, Ming and Lin, Yi},
	Journal = {Biometrika},
	Number = {1},
	Pages = {19--35},
	Publisher = {Biometrika Trust},
	Title = {{Model selection and estimation in the Gaussian graphical model}},
	Volume = {94},
	Year = {2007}}

@article{friedman2008sparse,
	Author = {Friedman, Jerome and Hastie, Trevor and Tibshirani, Robert},
	Journal = {Biostatistics},
	Number = {3},
	Pages = {432--441},
	Publisher = {Biometrika Trust},
	Title = {Sparse inverse covariance estimation with the graphical lasso},
	Volume = {9},
	Year = {2008}}

@article{rothman2008sparse,
	Author = {Rothman, Adam J and Bickel, Peter J and Levina, Elizaveta and Zhu, Ji},
	Journal = {Electronic Journal of Statistics},
	Pages = {494--515},
	Publisher = {Institute of Mathematical Statistics},
	Title = {Sparse permutation invariant covariance estimation},
	Volume = {2},
	Year = {2008}}

@article{peng2009partial,
	Author = {Peng, Jie and Wang, Pei and Zhou, Nengfeng and Zhu, Ji},
	Journal = {Journal of the American Statistical Association},
	Number = {486},
	Pages = {735--746},
	Title = {Partial correlation estimation by joint sparse regression models},
	Volume = {104},
	Year = {2009}}

@article{ravikumar2011high,
	Author = {Ravikumar, Pradeep and Wainwright, Martin J and Raskutti, Garvesh and Yu, Bin},
	Journal = {Electronic Journal of Statistics},
	Pages = {935--980},
	Publisher = {Institute of Mathematical Statistics},
	Title = {High-dimensional covariance estimation by minimizing $\ell_1$-penalized log-determinant divergence},
	Volume = {5},
	Year = {2011}}

@article{lam2009sparsistency,
	Author = {Lam, Clifford and Fan, Jianqing},
	Journal = {The Annals of Statistics},
	Number = {6B},
	Pages = {4254--4278},
	Publisher = {NIH Public Access},
	Title = {Sparsistency and rates of convergence in large covariance matrix estimation},
	Volume = {37},
	Year = {2009}}

@article{shen2012likelihood,
	Author = {Shen, Xiaotong and Pan, Wei and Zhu, Yunzhang},
	Journal = {Journal of the American Statistical Association},
	Number = {497},
	Pages = {223--232},
	Publisher = {Taylor \& Francis},
	Title = {Likelihood-based selection and sharp parameter estimation},
	Volume = {107},
	Year = {2012}}

@article{sun2013sparse,
	Author = {Sun, Tingni and Zhang, Cun-Hui},
	Journal = {The Journal of Machine Learning Research},
	Number = {1},
	Pages = {3385--3418},
	Publisher = {JMLR. org},
	Title = {Sparse matrix inversion with scaled lasso},
	Volume = {14},
	Year = {2013}}

@article{cai2011constrained,
	Author = {Cai, Tony and Liu, Weidong and Luo, Xi},
	Journal = {Journal of the American Statistical Association},
	Number = {494},
	Pages = {594--607},
	Publisher = {Taylor \& Francis},
	Title = {A constrained $\ell_1$ minimization approach to sparse precision matrix estimation},
	Volume = {106},
	Year = {2011}}

@inproceedings{lee2006efficient,
	Author = {Lee, Su-In and Ganapathi, Varun and Koller, Daphne},
	Booktitle = {Advances in Neural Information Processing Systems},
	Pages = {817--824},
	Title = {Efficient structure learning of {Markov} networks using $\ell_1$-regularization},
	Year = {2006}}

@article{ravikumar2010high,
	Author = {Ravikumar, Pradeep and Wainwright, Martin J and Lafferty, John D},
	Journal = {The Annals of Statistics},
	Number = {3},
	Pages = {1287--1319},
	Publisher = {Institute of Mathematical Statistics},
	Title = {High-dimensional {Ising} model selection using $\ell_1$-regularized logistic regression},
	Volume = {38},
	Year = {2010}}

@article{hofling2009estimation,
	Author = {H{\"o}fling, Holger and Tibshirani, Robert},
	Journal = {The Journal of Machine Learning Research},
	Pages = {883--906},
	Publisher = {JMLR. org},
	Title = {Estimation of sparse binary pairwise {Markov} networks using pseudo-likelihoods},
	Volume = {10},
	Year = {2009}}

@article{anandkumar2012high,
	Author = {Anandkumar, Animashree and Tan, Vincent YF and Huang, Furong and Willsky, Alan S},
	Journal = {The Annals of Statistics},
	Number = {3},
	Pages = {1346--1375},
	Publisher = {Institute of Mathematical Statistics},
	Title = {High-dimensional structure estimation in {Ising} models: local separation criterion},
	Volume = {40},
	Year = {2012}}

@inproceedings{jalali2011learning,
	Author = {Jalali, Ali and Ravikumar, Pradeep D and Vasuki, Vishvas and Sanghavi, Sujay},
	Booktitle = {International Conference on Artificial Intelligence and Statistics},
	Pages = {378--387},
	Title = {On learning discrete graphical models using group-sparse regularization},
	Year = {2011}}

@inproceedings{yang2012graphical,
	Author = {Yang, Eunho and Allen, Genevera and Liu, Zhandong and Ravikumar, Pradeep K},
	Booktitle = {Advances in Neural Information Processing Systems},
	Pages = {1358--1366},
	Title = {Graphical models via generalized linear models},
	Year = {2012}}

@inproceedings{allen2012log,
	Author = {Allen, Genevera I and Liu, Zhandong},
	Booktitle = {2012 IEEE International Conference on Bioinformatics and Biomedicine (BIBM)},
	Title = {A log-linear graphical model for inferring genetic networks from high-throughput sequencing data},
	Year = {2012}}

@inproceedings{yang2013poisson,
	Author = {Yang, Eunho and Ravikumar, Pradeep K and Allen, Genevera I and Liu, Zhandong},
	Booktitle = {Advances in Neural Information Processing Systems},
	Pages = {1718--1726},
	Title = {On {Poisson} graphical models},
	Year = {2013}}

@article{yang2013graphical,
	Author = {Yang, Eunho and Ravikumar, Pradeep and Allen, Genevera I and Liu, Zhandong},
	Journal = {arXiv preprint arXiv:1301.4183},
	Title = {On graphical models via univariate exponential family distributions},
	Year = {2013}}

@article{fellinghauer2013stable,
	Author = {Fellinghauer, Bernd and B{\"u}hlmann, Peter and Ryffel, Martin and Von Rhein, Michael and Reinhardt, Jan D},
	Journal = {Computational Statistics \& Data Analysis},
	Pages = {132--152},
	Publisher = {Elsevier},
	Title = {Stable graphical model estimation with random forests for discrete, continuous, and mixed variables},
	Volume = {64},
	Year = {2013}}

@article{lee2014learning,
	Author = {Lee, Jason D and Hastie, Trevor J},
	Journal = {Journal of Computational and Graphical Statistics},
	Number = {1},
	Pages = {230--253},
	Publisher = {Taylor \& Francis},
	Title = {Learning the structure of mixed graphical models},
	Volume = {25},
	Year = {2015}}

@article{yang2014general,
	Author = {Yang, Eunho and Ravikumar, Pradeep and Allen, Genevera I and Baker, Yulia and Wan, Ying-Wooi and Liu, Zhandong},
	Journal = {arXiv preprint arXiv:1411.0288},
	Title = {A General Framework for Mixed Graphical Models},
	Year = {2014}}

@article{chen2014selection,
	Author = {Chen, Shizhe and Witten, Daniela M and Shojaie, Ali},
	Journal = {Biometrika},
	Number = {1},
	Pages = {47--64},
	Publisher = {Biometrika Trust},
	Title = {Selection and estimation for mixed graphical models},
	Volume = {102},
	Year = {2015}}

@article{liu2012high,
	Author = {Liu, Han and Han, Fang and Yuan, Ming and Lafferty, John and Wasserman, Larry},
	Journal = {The Annals of Statistics},
	Number = {4},
	Pages = {2293--2326},
	Publisher = {Institute of Mathematical Statistics},
	Title = {High-dimensional semiparametric {Gaussian} copula graphical models},
	Volume = {40},
	Year = {2012}}

@article{liu2009nonparanormal,
	Author = {Liu, Han and Lafferty, John and Wasserman, Larry},
	Journal = {The Journal of Machine Learning Research},
	Pages = {2295--2328},
	Publisher = {JMLR. org},
	Title = {The nonparanormal: semiparametric estimation of high dimensional undirected graphs},
	Volume = {10},
	Year = {2009}}

@article{voorman2014graph,
	Author = {Voorman, Arend and Shojaie, Ali and Witten, Daniela},
	Journal = {Biometrika},
	Number = {1},
	Pages = {85--101},
	Publisher = {Biometrika Trust},
	Title = {Graph estimation with joint additive models},
	Volume = {101},
	Year = {2014}}

@article{willsky2012latent,
	Author = {Chandrasekaran, Venkat and Parrilo, Pablo A and Willsky, Alan S},
	Journal = {The Annals of Statistics},
	Number = {4},
	Pages = {1935-1967},
	Publisher = {Institute of Mathematical Statistics},
	Title = {Latent variable graphical model selection via convex optimization},
	Volume = {40},
	Year = {2012}}

@article{besag1974spatial,
	Author = {Besag, Julian},
	Journal = {Journal of the Royal Statistical Society. Series B (Methodological)},
	Pages = {192--236},
	Publisher = {JSTOR},
	Title = {Spatial interaction and the statistical analysis of lattice systems},
	Year = {1974}}

@article{bickel2009simultaneous,
	Author = {Bickel, Peter J and Ritov, Ya'acov and Tsybakov, Alexandre B},
	Journal = {The Annals of Statistics},
	Number = {4},
	Pages = {1705--1732},
	Publisher = {JSTOR},
	Title = {Simultaneous analysis of {Lasso} and {Dantzig} selector},
	Volume = {37},
	Year = {2009}}

@article{van2009conditions,
	Author = {Van De Geer, Sara A and B{\"u}hlmann, Peter},
	Journal = {Electronic Journal of Statistics},
	Pages = {1360--1392},
	Publisher = {Institute of Mathematical Statistics},
	Title = {On the conditions used to prove oracle results for the {Lasso}},
	Volume = {3},
	Year = {2009}}

@article{ye2010rate,
	Author = {Ye, Fei and Zhang, Cun-Hui},
	Journal = {The Journal of Machine Learning Research},
	Pages = {3519--3540},
	Publisher = {JMLR. org},
	Title = {Rate Minimaxity of the Lasso and {Dantzig} Selector for the $\ell_q$ Loss in $\ell_r$ Balls},
	Volume = {11},
	Year = {2010}}

@article{tan2014learning,
	Author = {Tan, Kean Ming and London, Palma and Mohan, Karthik and Lee, Su-In and Fazel, Maryam and Witten, Daniela},
	Journal = {The Journal of Machine Learning Research},
	Number = {1},
	Pages = {3297--3331},
	Publisher = {JMLR. org},
	Title = {Learning graphical models with hubs},
	Volume = {15},
	Year = {2014}}

@article{bousquet2002bennett,
	Author = {Bousquet, Olivier},
	Journal = {Comptes Rendus Mathematique},
	Number = {6},
	Pages = {495--500},
	Publisher = {Elsevier},
	Title = {A {Bennett} concentration inequality and its application to suprema of empirical processes},
	Volume = {334},
	Year = {2002}}

@article{van2008high,
	Author = {Van de Geer, Sara A},
	Journal = {The Annals of Statistics},
	Number = {2},
	Pages = {614--645},
	Publisher = {JSTOR},
	Title = {High-dimensional generalized linear models and the lasso},
	Volume = {36},
	Year = {2008}}

@book{koltchinskii2011oracle,
	Author = {Koltchinskii, Vladimir},
	Publisher = {Springer Science \& Business Media},
	Title = {Oracle Inequalities in Empirical Risk Minimization and Sparse Recovery Problems: Ecole d'Et{\'e} de Probabilit{\'e}s de Saint-Flour XXXVIII-2008},
	Year = {2011}}

@article{gine2009exponential,
	Author = {Gin{\'e}, Evarist and Nickl, Richard},
	Journal = {Probability Theory and Related Fields},
	Number = {3},
	Pages = {569--596},
	Publisher = {Springer},
	Title = {An exponential inequality for the distribution function of the kernel density estimator, with applications to adaptive estimation},
	Volume = {143},
	Year = {2009}}

@article{lu2015post,
	Author = {Lu, Junwei and Kolar, Mladen and Liu, Han},
	Journal = {arXiv preprint arXiv:1503.02978},
	Title = {Post-Regularization Confidence Bands for High Dimensional Nonparametric Models with Local Sparsity},
	Year = {2015}}

@book{pagan1999nonparametric,
	Author = {Pagan, Adrian and Ullah, Aman},
	Publisher = {Cambridge university press},
	Title = {Nonparametric econometrics},
	Year = {1999}}

@article{chernozhukov2013gaussian,
	Author = {Chernozhukov, Victor and Chetverikov, Denis and Kato, Kengo},
	Journal = {The Annals of Statistics},
	Number = {6},
	Pages = {2786--2819},
	Publisher = {Institute of Mathematical Statistics},
	Title = {Gaussian approximations and multiplier bootstrap for maxima of sums of high-dimensional random vectors},
	Volume = {41},
	Year = {2013}}

@article{chernozhukov2014anti,
	Author = {Chernozhukov, Victor and Chetverikov, Denis and Kato, Kengo},
	Journal = {The Annals of Statistics},
	Number = {5},
	Pages = {1787--1818},
	Publisher = {Institute of Mathematical Statistics},
	Title = {Anti-concentration and honest, adaptive confidence bands},
	Volume = {42},
	Year = {2014}}

@article{chernozhukov2014gaussian,
	Author = {Chernozhukov, Victor and Chetverikov, Denis and Kato, Kengo},
	Journal = {The Annals of Statistics},
	Number = {4},
	Pages = {1564--1597},
	Publisher = {Institute of Mathematical Statistics},
	Title = {Gaussian approximation of suprema of empirical processes},
	Volume = {42},
	Year = {2014}}

@article{luscombe2004genomic,
	Author = {Luscombe, Nicholas M and Babu, M Madan and Yu, Haiyuan and Snyder, Michael and Teichmann, Sarah A and Gerstein, Mark},
	Journal = {Nature},
	Number = {7006},
	Pages = {308--312},
	Publisher = {Nature Publishing Group},
	Title = {Genomic analysis of regulatory network dynamics reveals large topological changes},
	Volume = {431},
	Year = {2004}}

@article{bullmore2009complex,
	Author = {Bullmore, Ed and Sporns, Olaf},
	Journal = {Nature Reviews Neuroscience},
	Number = {3},
	Pages = {186--198},
	Publisher = {Nature Publishing Group},
	Title = {Complex brain networks: graph theoretical analysis of structural and functional systems},
	Volume = {10},
	Year = {2009}}

@article{rubinov2010complex,
	Author = {Rubinov, Mikail and Sporns, Olaf},
	Journal = {Neuroimage},
	Number = {3},
	Pages = {1059--1069},
	Publisher = {Elsevier},
	Title = {Complex network measures of brain connectivity: uses and interpretations},
	Volume = {52},
	Year = {2010}}

@article{danaher2014joint,
	Author = {Danaher, Patrick and Wang, Pei and Witten, Daniela M},
	Journal = {Journal of the Royal Statistical Society: Series B (Statistical Methodology)},
	Number = {2},
	Pages = {373--397},
	Publisher = {Wiley Online Library},
	Title = {The joint graphical lasso for inverse covariance estimation across multiple classes},
	Volume = {76},
	Year = {2014}}

@article{zhou2010time,
	Author = {Zhou, Shuheng and Lafferty, John and Wasserman, Larry},
	Journal = {Machine Learning},
	Number = {2},
	Pages = {295--319},
	Publisher = {Springer},
	Title = {Time varying undirected graphs},
	Volume = {80},
	Year = {2010}}

@inproceedings{kolar2011time,
	Author = {Kolar, Mladen and Xing, Eric P},
	Booktitle = {International Conference on Artificial Intelligence and Statistics},
	Pages = {407--415},
	Title = {On Time Varying Undirected Graphs},
	Year = {2011}}

@book{van1996weak,
	Author = {Van Der Vaart, Aad W and Wellner, Jon A},
	Publisher = {Springer},
	Title = {Weak Convergence},
	Year = {1996}}

@book{tsybakov09introduction,
	Author = {Tsybakov, Alexandre B},
	Publisher = {Springer},
	Title = {Introduction to Nonparametric Estimation},
	Year = {2009}}

@article{kolar2010estimating,
	Author = {Kolar, Mladen and Song, Le and Ahmed, Amr and Xing, Eric P},
	Journal = {The Annals of Applied Statistics},
	Number = {1},
	Pages = {94--123},
	Publisher = {JSTOR},
	Title = {Estimating time-varying networks},
	Volume = {4},
	Year = {2010}}

@article{jankova2015honest,
	Author = {Jankov{\'a}, Jana and van de Geer, Sara},
	Journal = {arXiv preprint arXiv:1507.02061},
	Title = {Honest confidence regions and optimality in high-dimensional precision matrix estimation},
	Year = {2015}}

@article{yang2014semiparametric,
	Author = {Yang, Zhuoran and Ning, Yang and Liu, Han},
	Journal = {arXiv preprint arXiv:1412.8697},
	Title = {On Semiparametric Exponential Family Graphical Models},
	Year = {2014}}

@article{gu2015local,
	Author = {Gu, Quanquan and Cao, Yuan and Ning, Yang and Liu, Han},
	Journal = {arXiv preprint arXiv:1502.02347},
	Title = {Local and Global Inference for High Dimensional {Gaussian} Copula Graphical Models},
	Year = {2015}}

@article{xia2015testing,
	Author = {Xia, Yin and Cai, Tianxi and Cai, T Tony},
	Journal = {Biometrika},
	Number = {2},
	Pages = {247-266},
	Publisher = {Biometrika Trust},
	Title = {Testing differential networks with applications to the detection of gene-gene interactions},
	Volume = {102},
	Year = {2015}}

@article{liu2013gaussian,
	Author = {Liu, Weidong},
	Journal = {The Annals of Statistics},
	Number = {6},
	Pages = {2948--2978},
	Publisher = {Institute of Mathematical Statistics},
	Title = {Gaussian graphical model estimation with false discovery rate control},
	Volume = {41},
	Year = {2013}}

@article{tan2015cluster,
	Author = {Tan, Kean Ming and Witten, Daniela and Shojaie, Ali},
	Journal = {Computational Statistics \& Data Analysis},
	Pages = {23--36},
	Publisher = {Elsevier},
	Title = {The cluster graphical lasso for improved estimation of Gaussian graphical models},
	Volume = {85},
	Year = {2015}}

@article{addario2010combinatorial,
	Author = {Addario-Berry, Louigi and Broutin, Nicolas and Devroye, Luc and Lugosi, G{\'a}bor},
	Journal = {The Annals of Statistics},
	Number = {5},
	Pages = {3063--3092},
	Publisher = {Institute of Mathematical Statistics},
	Title = {On combinatorial testing problems},
	Volume = {38},
	Year = {2010}}

@article{arias2012detection,
	Author = {Arias-Castro, Ery and Bubeck, S{\'e}bastien and Lugosi, G{\'a}bor},
	Journal = {The Annals of Statistics},
	Number = {1},
	Pages = {412--435},
	Publisher = {Institute of Mathematical Statistics},
	Title = {Detection of correlations},
	Volume = {40},
	Year = {2012}}

@article{arias2015detecting,
	Author = {Arias-Castro, Ery and Bubeck, S{\'e}bastien and Lugosi, G{\'a}bor and Verzelen, Nicolas},
	Journal = {arXiv preprint arXiv:1504.06984},
	Title = {Detecting {Markov} Random Fields Hidden in White Noise},
	Year = {2015}}

@article{arias2011detection,
	Author = {Arias-Castro, Ery and Cand{\`e}s, Emmanuel J and Durand, Arnaud},
	Journal = {The Annals of Statistics},
	Number = {1},
	Pages = {278--304},
	Publisher = {JSTOR},
	Title = {Detection of an anomalous cluster in a network},
	Volume = {39},
	Year = {2011}}

@article{cai2012estimating,
	Author = {Cai, T Tony and Liu, Weidong and Zhou, Harrison H},
	Journal = {The Annals of Statistics, to appear},
	Title = {Estimating sparse precision matrix: Optimal rates of convergence and adaptive estimation},
	Year = {2016}}

@article{chen2015dynamic,
	Author = {Chen, Ziqi and Leng, Chenlei},
	Journal = {Journal of the American Statistical Association, to appear},
	Publisher = {Taylor \& Francis},
	Title = {Dynamic covariance models},
	Year = {2016}}

@book{bondy1976graph,
	Author = {Bondy, John Adrian and Murty, Uppaluri Siva Ramachandra},
	Publisher = {Macmillan London},
	Title = {Graph theory with applications},
	Year = {1976}}

@book{lovasz2012large,
	Author = {Lov{\'a}sz, L{\'a}szl{\'o}},
	Publisher = {American Mathematical Soc.},
	Title = {Large networks and graph limits},
	Volume = {60},
	Year = {2012}}

@article{romano2005exact,
	Author = {Romano, Joseph P and Wolf, Michael},
	Journal = {Journal of the American Statistical Association},
	Number = {469},
	Pages = {94--108},
	Publisher = {Taylor \& Francis},
	Title = {Exact and approximate stepdown methods for multiple hypothesis testing},
	Volume = {100},
	Year = {2005}}

@article{chen2016shared,
	Author = {Chen, Janice and Leong, Yuan Chang and Norman, Kenneth A and Hasson, Uri},
	Journal = {bioRxiv},
	Title = {Shared experience, shared memory: a common structure for brain activity during naturalistic recall},
	Year = {2016}}

@article{lu2015post2,
	Author = {Lu, Junwei and Kolar, Mladen and Liu, Han},
	Journal = {arXiv preprint arXiv:1512.08298},
	Title = {Post-regularization Inference for Dynamic Nonparanormal Graphical Models},
	Year = {2015}}
